<record><leader>00000cas a2200000 a 4500</leader><controlfield tag="001">45211992</controlfield><controlfield tag="006">m     o  d        </controlfield><controlfield tag="007">cr cnu||||||||</controlfield><controlfield tag="008">001023c19699999paudr nso     0   a0eng c</controlfield><datafield ind1=" " ind2=" " tag="010"><subfield code="a">  2011267056</subfield></datafield><datafield ind1=" " ind2=" " tag="040"><subfield code="a">AAA</subfield><subfield code="b">eng</subfield><subfield code="c">AAA</subfield><subfield code="d">OCL</subfield><subfield code="d">OCLCQ</subfield><subfield code="d">OCLCS</subfield><subfield code="d">CO3</subfield><subfield code="d">OCLCQ</subfield><subfield code="d">NTE</subfield><subfield code="d">OCLCQ</subfield><subfield code="d">DOS</subfield><subfield code="d">DLC</subfield><subfield code="d">UMI</subfield><subfield code="d">OCLCQ</subfield><subfield code="d">OCLCA</subfield><subfield code="d">COO</subfield><subfield code="d">OCLCQ</subfield><subfield code="d">OCLCF</subfield></datafield><datafield ind1=" " ind2=" " tag="012"><subfield code="l">a</subfield></datafield><datafield ind1=" " ind2=" " tag="019"><subfield code="a">55506596</subfield><subfield code="a">456223678</subfield><subfield code="a">721069012</subfield><subfield code="a">760301422</subfield><subfield code="a">768772897</subfield><subfield code="a">858857675</subfield></datafield><datafield ind1="0" ind2=" " tag="022"><subfield code="a">2165-1728</subfield><subfield code="y">0885-6613</subfield><subfield code="2">1</subfield></datafield><datafield ind1="0" ind2=" " tag="029"><subfield code="a">OCLCS</subfield><subfield code="b">OP-12182</subfield></datafield><datafield ind1="1" ind2=" " tag="029"><subfield code="a">AU@</subfield><subfield code="b">000044926434</subfield></datafield><datafield ind1="1" ind2=" " tag="029"><subfield code="a">AU@</subfield><subfield code="b">000045713698</subfield></datafield><datafield ind1="1" ind2=" " tag="029"><subfield code="a">AU@</subfield><subfield code="b">000051289601</subfield></datafield><datafield ind1="1" ind2=" " tag="029"><subfield code="a">NZ1</subfield><subfield code="b">12141724</subfield></datafield><datafield ind1="1" ind2=" " tag="029"><subfield code="a">NZ1</subfield><subfield code="b">14559557</subfield></datafield><datafield ind1="1" ind2=" " tag="029"><subfield code="a">NZ1</subfield><subfield code="b">16260673</subfield></datafield><datafield ind1="1" ind2=" " tag="029"><subfield code="a">AU@</subfield><subfield code="b">000048276982</subfield></datafield><datafield ind1=" " ind2=" " tag="037"><subfield code="b">Philadelphia Newspapers, Inc., 400 N. Broad St., P.O. Box 8263, Philadelphia, PA 19101</subfield></datafield><datafield ind1=" " ind2=" " tag="042"><subfield code="a">pcc</subfield><subfield code="a">nsdp</subfield></datafield><datafield ind1=" " ind2=" " tag="043"><subfield code="a">n-us-pa</subfield></datafield><datafield ind1="1" ind2="0" tag="082"><subfield code="a">071</subfield><subfield code="2">14</subfield></datafield><datafield ind1="0" ind2=" " tag="130"><subfield code="a">Philadelphia inquirer (Philadelphia, Pa. : 1969 : Online)</subfield></datafield><datafield ind1=" " ind2="0" tag="222"><subfield code="a">Philadelphia inquirer</subfield><subfield code="b">(Philadelphia, Pa. 1969. Online)</subfield></datafield><datafield ind1="1" ind2="4" tag="245"><subfield code="a">The Philadelphia inquirer.</subfield></datafield><datafield ind1="3" ind2=" " tag="246"><subfield code="a">Philadelphia enquirer</subfield></datafield><datafield ind1="3" ind2=" " tag="246"><subfield code="a">Inquirer</subfield></datafield><datafield ind1=" " ind2=" " tag="260"><subfield code="a">Philadelphia :</subfield><subfield code="b">Triangle Publications</subfield></datafield><datafield ind1="3" ind2=" " tag="260"><subfield code="3">&lt;December 19, 2011-&gt; :</subfield><subfield code="a">Philadelphia, Pa. :</subfield><subfield code="b">Philadelphia Media Network, Inc.</subfield></datafield><datafield ind1=" " ind2=" " tag="310"><subfield code="a">Daily</subfield></datafield><datafield ind1=" " ind2=" " tag="336"><subfield code="a">text</subfield><subfield code="b">txt</subfield><subfield code="2">rdacontent</subfield></datafield><datafield ind1=" " ind2=" " tag="337"><subfield code="a">computer</subfield><subfield code="b">c</subfield><subfield code="2">rdamedia</subfield></datafield><datafield ind1=" " ind2=" " tag="338"><subfield code="a">online resource</subfield><subfield code="b">cr</subfield><subfield code="2">rdacarrier</subfield></datafield><datafield ind1="1" ind2=" " tag="362"><subfield code="a">Print began with vol. 281, no. 165 (Dec. 12, 1969).</subfield></datafield><datafield ind1=" " ind2=" " tag="515"><subfield code="a">Issues for Dec. 12, 1969-May 31, 1994 called vol. 281, no. 165-v. 329, no. 151; issues for June 1, 1994- called 166th year, no. 1-</subfield></datafield><datafield ind1=" " ind2=" " tag="515"><subfield code="a">Publication suspended Feb. 9-16, 1977 and Sept. 7-Oct. 22, 1985.</subfield></datafield><datafield ind1=" " ind2=" " tag="530"><subfield code="a">Also issued in print and Bell &amp; Howell Co. Micro Photo Div. microfilm eds.</subfield></datafield><datafield ind1=" " ind2=" " tag="538"><subfield code="a">Mode of access: World Wide Web.</subfield></datafield><datafield ind1=" " ind2=" " tag="588"><subfield code="a">Description based on: Jan. 2, 1995; title from journal information screen.</subfield></datafield><datafield ind1=" " ind2=" " tag="588"><subfield code="a">Latest issue consulted: 183d Year, no. 202 (Dec. 19, 2011) (Library Press Display, viewed Dec. 19, 2011).</subfield></datafield><datafield ind1=" " ind2="0" tag="651"><subfield code="a">Philadelphia (Pa.)</subfield><subfield code="v">Newspapers.</subfield></datafield><datafield ind1=" " ind2="0" tag="655"><subfield code="a">Electronic newspapers.</subfield></datafield><datafield ind1=" " ind2="7" tag="655"><subfield code="a">Newspapers.</subfield><subfield code="2">fast</subfield><subfield code="0">(OCoLC)fst01423814</subfield></datafield><datafield ind1=" " ind2="7" tag="651"><subfield code="a">Pennsylvania</subfield><subfield code="z">Philadelphia.</subfield><subfield code="2">fast</subfield><subfield code="0">(OCoLC)fst01204170</subfield></datafield><datafield ind1=" " ind2=" " tag="752"><subfield code="a">United States</subfield><subfield code="b">Pennsylvania</subfield><subfield code="c">Philadelphia</subfield><subfield code="d">Philadelphia.</subfield></datafield><datafield ind1="0" ind2="8" tag="776"><subfield code="i">Print version:</subfield><subfield code="t">Philadelphia inquirer (Philadelphia, Pa. : 1969)</subfield><subfield code="x">0885-6613</subfield><subfield code="w">(DLC)sn 85003402</subfield><subfield code="w">(OCoLC)8733259</subfield></datafield><datafield ind1="0" ind2="8" tag="776"><subfield code="i">Microfiilm</subfield><subfield code="t">Philadelphia inquirer (Philadelphia, Pa. : 1969)</subfield><subfield code="x">0885-6613</subfield><subfield code="w">(OCoLC)14361686</subfield></datafield><datafield ind1="0" ind2="0" tag="780"><subfield code="t">Philadelphia inquirer public ledger</subfield></datafield><datafield ind1="4" ind2="0" tag="856"><subfield code="3">Current 60 days via Library Press Display</subfield><subfield code="u">http://library.pressdisplay.com/pressdisplay/viewer.aspx?newspaper=the+philadelphia+inquirer&amp;cid=1014</subfield><subfield code="z">Subscription required for access.</subfield></datafield><datafield ind1="4" ind2="0" tag="856"><subfield code="3">Selected articles available via Philly.com</subfield><subfield code="u">http://www.philly.com</subfield><subfield code="z">Subscription required for full text access.</subfield></datafield><datafield ind1="4" ind2="0" tag="856"><subfield code="u">http://infoweb.newsbank.com/?db=NEWSBANK&amp;version=phase2=yes&amp;s_sources=location&amp;s_place=PHIB</subfield></datafield></record>